<?xml version="1.0" encoding="UTF-8"?>
<collection><datafield tag="100" ind1="3" ind2=" "><subfield code="a">Bigirimana (Family :</subfield><subfield code="c">Kampala, Uganda),</subfield><subfield code="e">author,</subfield><subfield code="e">publisher.</subfield></datafield><datafield tag="100" ind1="3" ind2=" "><subfield code="a">Chadwick family,</subfield><subfield code="e">artists.</subfield><subfield code="9">no_linkage</subfield></datafield><datafield tag="100" ind1="3" ind2=" "><subfield code="a">Link family,</subfield><subfield code="e">author.</subfield><subfield code="9">no_linkage</subfield></datafield><datafield tag="100" ind1="3" ind2=" "><subfield code="a">Buckingham family.</subfield><subfield code="9">no_linkage</subfield></datafield><datafield tag="100" ind1="3" ind2=" "><subfield code="a">Elorm-Donkor, Abraham,</subfield><subfield code="e">author.</subfield><subfield code="9">no_linkage</subfield></datafield><datafield tag="100" ind1="3" ind2=" "><subfield code="a">Muhammad ibn Muhammad, Siraj-al-Din, al-Sajawandi.</subfield><subfield code="9">no_linkage</subfield></datafield><datafield tag="100" ind1="3" ind2=" "><subfield code="a">Dangol (Family : Dangol, Hira Lal),</subfield><subfield code="e">artist.</subfield></datafield><datafield tag="100" ind1="3" ind2=" "><subfield code="a">Love (Family :,</subfield><subfield code="d">1828 :,</subfield><subfield code="c">Limestone County, Tex. :</subfield><subfield code="g">Love, James Marshall, 1805-1876),</subfield><subfield code="e">author.</subfield><subfield code="0">http://id.loc.gov/authorities/names/no2015011083</subfield><subfield code="1">http://viaf.org/viaf/313500982</subfield></datafield></collection>
